<?xml version="1.0" encoding="UTF-8"?><collection xmlns="http://www.loc.gov/MARC21/slim"><record><leader>00393nam--2200121-i-4500</leader><controlfield tag="001">000043400</controlfield><controlfield tag="002">20161230</controlfield><controlfield tag="005">20161230201044</controlfield><controlfield tag="008">060222s1000------------r-----000-0-eng-d</controlfield><datafield ind1=" " ind2=" " tag="080"><subfield code="a">621.791(063)</subfield></datafield><datafield ind1=" " ind2=" " tag="245"><subfield code="a">Symposium on recent developments in welding metallurgy and processes. feb.5-7, 1985 at bhabha atomic research centre</subfield></datafield><datafield ind1=" " ind2=" " tag="260"><subfield code="a">Bombay, Indian Inst.Of Welding, 1985. P.Dif</subfield></datafield><datafield ind1=" " ind2=" " tag="852"><subfield code="a">72644</subfield></datafield></record></collection>